<?xml version="1.0" encoding="UTF-8"?><collection xmlns="http://www.loc.gov/MARC21/slim"><record><leader>00423nam--2200133-i-4500</leader><controlfield tag="001">000034649</controlfield><controlfield tag="002">20161230</controlfield><controlfield tag="005">20161230201040</controlfield><controlfield tag="008">060222s1000------------r-----000-0-eng-d</controlfield><datafield ind1=" " ind2=" " tag="100"><subfield code="a">Norlind, Nils</subfield></datafield><datafield ind1=" " ind2=" " tag="245"><subfield code="a">Photo-electric determination of the energy loss of fast heavy particles (z  2) in nuclear emulsion</subfield></datafield><datafield ind1=" " ind2=" " tag="260"><subfield code="a">Lund, Hakan Ohlssons Boktryckeri, 1954, 13p</subfield></datafield><datafield ind1=" " ind2=" " tag="490"><subfield code="a">Kungl.Fysiografiska Sallskapets</subfield></datafield><datafield ind1=" " ind2=" " tag="852"><subfield code="a">6208</subfield></datafield></record></collection>